@misc{ling2023,
      title={Impact of Transportation Network Companies on Labor Supply and Wages for Taxi Drivers}, 
      author={Lu Ling and Xinwu Qian and Satish V. Ukkusuri},
      howpublished = {\url{https://arxiv.org/abs/2307.13620}},
      note = {Accessed: 2023-08-01}
}

@online{tlc,
  title = {TLC Trip Record Data},
  author = {{NYC Taxi & Limousine Commission}},
  howpublished = {\url{https://www.nyc.gov/site/tlc/about/tlc-trip-record-data.page}},
  note = {Accessed: 2023-08-01}
}

@online{holiday,
  title = {Federal Holidays in New York in 2022},
  author = {{Office Holidays}},
  URL = "https://www.officeholidays.com/countries/usa/new-york/2022#google_vignette",
  note = {Accessed: 2023-08-01}
}
@misc{weather,
  title = {Daily Summaries Station Details},
  author = {{National Centers for Environmental Information}},
  howpublished = {\url{https://www.ncdc.noaa.gov/cdo-web/datasets/GHCND/stations/GHCND:USW00094728/detail}},
  note = {Accessed: 2023-08-01}
}

@misc{covid,
  title = {Number of new COVID-19 cases in New York City from March 8, 2020 to December 19, 2022, by diagnosis date},
  author = {{Statista}},
  howpublished = {\url{https://www.statista.com/statistics/1109711/coronavirus-cases-by-date-new-york-city/}},
  note = {Accessed: 2023-08-01}
}
@misc{passenger,
  title = {How Many People can fit Into a Yellow Taxicab},
  author = {{NYC Taxi & Limousine Commission}},
  howpublished = {\url{https://www.nyc.gov/site/tlc/passengers/passenger-frequently-asked-questions.page}},
  note = {Accessed: 2023-08-01}
}
@online{tips,
  title = {Cab Etiquette In NYC: All You Need to Know},
  author = {{Dom}},
  URL = "https://newyorkpass.com/en-us/blog/cab-etiquette-in-nyc#:~:text=How%20much%20should%20I%20tip,fee%20is%20the%20recommended%20amount",
  note = {Accessed: 2023-08-01}
}
@online{taxi,
  title = {Taxis of New York City},
  author = {{Wikipedia}},
  URL = "https://en.wikipedia.org/wiki/Taxis_of_New_York_City#:~:text=Taxicab%20vehicles%2C%20each%20of%20which,taxicab%20medallion%20licenses%20in%20existence",
  note = {Accessed: 2023-08-01}
}
@misc{wind,
  title = {Beaufort Wind Scale},
  author = {{National Weather Service}},
  howpublished = {\url{https://www.weather.gov/mfl/beaufort}},
  note = {Accessed: 2023-08-01}
}






